%containing a complete list of books and other publications that are either explicitly referred to in the text, or which are recommended for further reading on the topic
@phdthesis{cheikh2016optimisation,
  title={Optimisation avanc{\'e}e au service du covoiturage dynamique},
  author={Cheikh, Sondes Ben},
  year={2016}
}

@misc{pilierscrum,
  title = {pilier scrum},
  author = {Arnaud Lissajoux},
  howpublished = {\url{https://openclassrooms.com/fr/courses/4511316-perfectionnez-votre-gestion-de-projet-agile}}
}

@article{schreieck2016matching,
  title={A matching algorithm for dynamic ridesharing},
  author={Schreieck, Maximilian and Safetli, Hazem and Siddiqui, Sajjad Ali and Pfl{\"u}gler, Christoph and Wiesche, Manuel and Krcmar, Helmut},
  journal={Transportation Research Procedia},
  volume={19},
  pages={272--285},
  year={2016}
}

@book{fielding2000architectural,
  title={Architectural styles and the design of network-based software architectures},
  author={Fielding, Roy T and Taylor, Richard N},
  volume={7},
  year={2000},
  publisher={University of California, Irvine Irvine}
}